@Article{pmid11201747,
   Author="Bernstein, E.  and Caudy, A. A.  and Hammond, S. M.  and Hannon, G. J. ",
   Title="{{R}ole for a bidentate ribonuclease in the initiation step of {R}{N}{A} interference}",
   Journal="Nature",
   Year="2001",
   Volume="409",
   Number="6818",
   Pages="363--366",
   Month="Jan"
}

@Article{pmid8252621,
   Author="Lee, R. C.  and Feinbaum, R. L.  and Ambros, V. ",
   Title="{{T}he {C}. elegans heterochronic gene lin-4 encodes small {R}{N}{A}s with antisense complementarity to lin-14}",
   Journal="Cell",
   Year="1993",
   Volume="75",
   Number="5",
   Pages="843--854",
   Month="Dec"
}

@Article{pmid16904174,
   Author="Takahashi, K.  and Yamanaka, S. ",
   Title="{{I}nduction of pluripotent stem cells from mouse embryonic and adult fibroblast cultures by defined factors}",
   Journal="Cell",
   Year="2006",
   Volume="126",
   Number="4",
   Pages="663--676",
   Month="Aug"
}

@Article{pmid24670764,
   Author="Forrest, A. R.  and Kawaji, H.  and Rehli, M.  and Baillie, J. K.  and de Hoon, M. J.  and others",
   Title="{{A} promoter-level mammalian expression atlas}",
   Journal="Nature",
   Year="2014",
   Volume="507",
   Number="7493",
   Pages="462--470",
   Month="Mar"
}

@Article{pmid15461798,
   Author="Gentleman, R. C.  and Carey, V. J.  and Bates, D. M.  and Bolstad, B.  and Dettling, M.  and Dudoit, S.  and Ellis, B.  and Gautier, L.  and Ge, Y.  and Gentry, J.  and Hornik, K.  and Hothorn, T.  and Huber, W.  and Iacus, S.  and Irizarry, R.  and Leisch, F.  and Li, C.  and Maechler, M.  and Rossini, A. J.  and Sawitzki, G.  and Smith, C.  and Smyth, G.  and Tierney, L.  and Yang, J. Y.  and Zhang, J. ",
   Title="{{B}ioconductor: open software development for computational biology and bioinformatics}",
   Journal="Genome Biol.",
   Year="2004",
   Volume="5",
   Number="10",
   Pages="R80"
}

@Article{pmid19910308,
   Author="Robinson, M. D.  and McCarthy, D. J.  and Smyth, G. K. ",
   Title="{edge{R}: a {B}ioconductor package for differential expression analysis of digital gene expression data}",
   Journal="Bioinformatics",
   Year="2010",
   Volume="26",
   Number="1",
   Pages="139--140",
   Month="Jan"
}

@Article{pmid19505943,
   Author="Li, H.  and Handsaker, B.  and Wysoker, A.  and Fennell, T.  and Ruan, J.  and Homer, N.  and Marth, G.  and Abecasis, G.  and Durbin, R. ",
   Title="{{T}he {S}equence {A}lignment/{M}ap format and {S}{A}{M}tools}",
   Journal="Bioinformatics",
   Year="2009",
   Volume="25",
   Number="16",
   Pages="2078--2079",
   Month="Aug"
}

@Article{pmid20015970,
   Author="Cock, P. J.  and Fields, C. J.  and Goto, N.  and Heuer, M. L.  and Rice, P. M. ",
   Title="{{T}he {S}anger {F}{A}{S}{T}{Q} file format for sequences with quality scores, and the {S}olexa/{I}llumina {F}{A}{S}{T}{Q} variants}",
   Journal="Nucleic Acids Res.",
   Year="2010",
   Volume="38",
   Number="6",
   Pages="1767--1771",
   Month="Apr"
}

@Article{pmid19451168,
   Author="Li, H.  and Durbin, R. ",
   Title="{{F}ast and accurate short read alignment with {B}urrows-{W}heeler transform}",
   Journal="Bioinformatics",
   Year="2009",
   Volume="25",
   Number="14",
   Pages="1754--1760",
   Month="Jul"
}

@Article{pmid20110278,
   Author="Quinlan, A. R.  and Hall, I. M. ",
   Title="{{B}{E}{D}{T}ools: a flexible suite of utilities for comparing genomic features}",
   Journal="Bioinformatics",
   Year="2010",
   Volume="26",
   Number="6",
   Pages="841--842",
   Month="Mar"
}

@Article{pmid19377475,
   Author="Faulkner, G. J.  and Kimura, Y.  and Daub, C. O.  and Wani, S.  and Plessy, C.  and Irvine, K. M.  and Schroder, K.  and Cloonan, N.  and Steptoe, A. L.  and Lassmann, T.  and Waki, K.  and Hornig, N.  and Arakawa, T.  and Takahashi, H.  and Kawai, J.  and Forrest, A. R.  and Suzuki, H.  and Hayashizaki, Y.  and Hume, D. A.  and Orlando, V.  and Grimmond, S. M.  and Carninci, P. ",
   Title="{{T}he regulated retrotransposon transcriptome of mammalian cells}",
   Journal="Nat. Genet.",
   Year="2009",
   Volume="41",
   Number="5",
   Pages="563--571",
   Month="May"
}

@Article{pmid16141072,
   Author={Carninci, P.  and Kasukawa, T.  and Katayama, S.  and Gough, J.  and Frith, M. C. and others},
   Title="{{T}he transcriptional landscape of the mammalian genome}",
   Journal="Science",
   Year="2005",
   Volume="309",
   Number="5740",
   Pages="1559--1563",
   Month="Sep"
}

@Article{pmid16645617,
   Author="Carninci, P.  and Sandelin, A.  and Lenhard, B.  and Katayama, S.  and Shimokawa, K. and others",
   Title="{{G}enome-wide analysis of mammalian promoter architecture and evolution}",
   Journal="Nat. Genet.",
   Year="2006",
   Volume="38",
   Number="6",
   Pages="626--635",
   Month="Jun"
}

@Article{pmid8938445,
   Author="Carninci, P.  and Kvam, C.  and Kitamura, A.  and Ohsumi, T.  and Okazaki, Y.  and Itoh, M.  and Kamiya, M.  and Shibata, K.  and Sasaki, N.  and Izawa, M.  and Muramatsu, M.  and Hayashizaki, Y.  and Schneider, C. ",
   Title="{{H}igh-efficiency full-length c{D}{N}{A} cloning by biotinylated {C}{A}{P} trapper}",
   Journal="Genomics",
   Year="1996",
   Volume="37",
   Number="3",
   Pages="327--336",
   Month="Nov"
}

@Article{pmid3713851,
   Author="Smith, L. M.  and Sanders, J. Z.  and Kaiser, R. J.  and Hughes, P.  and Dodd, C.  and Connell, C. R.  and Heiner, C.  and Kent, S. B.  and Hood, L. E. ",
   Title="{{F}luorescence detection in automated {D}{N}{A} sequence analysis}",
   Journal="Nature",
   Year="1986",
   Volume="321",
   Number="6071",
   Pages="674--679"
}

@Article{pmid15143316,
   Author="Shendure, J.  and Mitra, R. D.  and Varma, C.  and Church, G. M. ",
   Title="{{A}dvanced sequencing technologies: methods and goals}",
   Journal="Nat. Rev. Genet.",
   Year="2004",
   Volume="5",
   Number="5",
   Pages="335--344",
   Month="May"
}

@Article{pmid271968,
   Author="Sanger, F.  and Nicklen, S.  and Coulson, A. R. ",
   Title="{{D}{N}{A} sequencing with chain-terminating inhibitors}",
   Journal="Proc. Natl. Acad. Sci. U.S.A.",
   Year="1977",
   Volume="74",
   Number="12",
   Pages="5463--5467",
   Month="Dec"
}

@Article{pmid265521,
   Author="Maxam, A. M.  and Gilbert, W. ",
   Title="{{A} new method for sequencing {D}{N}{A}}",
   Journal="Proc. Natl. Acad. Sci. U.S.A.",
   Year="1977",
   Volume="74",
   Number="2",
   Pages="560--564",
   Month="Feb"
}

@inproceedings{crick1958protein,
  title={On protein synthesis.},
  author={Crick, Francis H},
  booktitle={Symposia of the Society for Experimental Biology},
  volume={12},
  pages={138},
  year={1958}
}

@Article{pmid16578042,
   Author="Tatum, E. L.  and Beadle, G. W. ",
   Title="{{G}enetic {C}ontrol of {B}iochemical {R}eactions in {N}eurospora: {A}n "{A}minobenzoicless" {M}utant}",
   Journal="Proc. Natl. Acad. Sci. U.S.A.",
   Year="1942",
   Volume="28",
   Number="6",
   Pages="234--243",
   Month="Jun"
}

@article{holde01111974,
   author = {Van Holde, K.E. and Sahasrabuddhe, C.G. and Shaw, Barbara Ramsay}, 
   title = {A model for particulate structure in chromatin},
   volume = {1}, 
   number = {11}, 
   pages = {1579-1586}, 
   year = {1974}, 
   doi = {10.1093/nar/1.11.1579}, 
   abstract ={A model is proposed for the structure of nuclease-resistant chromatin particles. The model is novel in that it proposes that the DNA in such a particle is wound about a protein core, made up of the hydrophobic regions of histone molecules.}, 
   URL = {http://nar.oxfordjournals.org/content/1/11/1579.abstract}, 
   eprint = {http://nar.oxfordjournals.org/content/1/11/1579.full.pdf+html}, 
   journal = {Nucleic Acids Research} 
}

@Article{pmid14471390,
   Author="MATTHAEI, J. H.  and JONES, O. W.  and MARTIN, R. G.  and NIRENBERG, M. W. ",
   Title="{{C}haracteristics and composition of {R}{N}{A} coding units}",
   Journal="Proc. Natl. Acad. Sci. U.S.A.",
   Year="1962",
   Volume="48",
   Pages="666--677",
   Month="Apr"
}

@article{WATSON_1953,
   title={Molecular Structure of Nucleic Acids: A Structure for Deoxyribose Nucleic Acid},
   volume={171},
   ISSN={0028-0836},
   url={http://dx.doi.org/10.1038/171737a0},
   DOI={10.1038/171737a0},
   number={4356},
   journal={Nature},
   publisher={Nature Publishing Group},
   author={WATSON, J. D. and CRICK, F. H. C.},
   year={1953},
   month={Apr},
   pages={737â€“738}
}

@Article{pmid5330357,
   Author="Nirenberg, M.  and Leder, P.  and Bernfield, M.  and Brimacombe, R.  and Trupin, J.  and Rottman, F.  and O'Neal, C. ",
   Title="{{R}{N}{A} codewords and protein synthesis, {V}{I}{I}. {O}n the general nature of the {R}{N}{A} code}",
   Journal="Proc. Natl. Acad. Sci. U.S.A.",
   Year="1965",
   Volume="53",
   Number="5",
   Pages="1161--1168",
   Month="May"
}

@Article{pmid7354864,
   Author="Arnott, S.  and Chandrasekaran, R.  and Birdsall, D. L.  and Leslie, A. G.  and Ratliff, R. L. ",
   Title="{{L}eft-handed {D}{N}{A} helices}",
   Journal="Nature",
   Year="1980",
   Volume="283",
   Number="5749",
   Pages="743--745",
   Month="Feb"
}

@Article{pmid17567988,
   Author="Gerstein, M. B.  and Bruce, C.  and Rozowsky, J. S.  and Zheng, D.  and Du, J.  and Korbel, J. O.  and Emanuelsson, O.  and Zhang, Z. D.  and Weissman, S.  and Snyder, M. ",
   Title="{{W}hat is a gene, post-{E}{N}{C}{O}{D}{E}? {H}istory and updated definition}",
   Journal="Genome Res.",
   Year="2007",
   Volume="17",
   Number="6",
   Pages="669--681",
   Month="Jun"
}

@Article{pmid23829164,
   Author="Bianconi, E.  and Piovesan, A.  and Facchin, F.  and Beraudi, A.  and Casadei, R.  and Frabetti, F.  and Vitale, L.  and Pelleri, M. C.  and Tassani, S.  and Piva, F.  and Perez-Amodio, S.  and Strippoli, P.  and Canaider, S. ",
   Title="{{A}n estimation of the number of cells in the human body}",
   Journal="Ann. Hum. Biol.",
   Year="2013",
   Volume="40",
   Number="6",
   Pages="463--471"
}

@Article{pmid16790079,
   Author="Vickaryous, M. K.  and Hall, B. K. ",
   Title="{{H}uman cell type diversity, evolution, development, and classification with special reference to cells derived from the neural crest}",
   Journal="Biol Rev Camb Philos Soc",
   Year="2006",
   Volume="81",
   Number="3",
   Pages="425--455",
   Month="Aug"
}

@Article{pmid4316301,
   Author="Temin, H. M.  and Mizutani, S. ",
   Title="{{R}{N}{A}-dependent {D}{N}{A} polymerase in virions of {R}ous sarcoma virus}",
   Journal="Nature",
   Year="1970",
   Volume="226",
   Number="5252",
   Pages="1211--1213",
   Month="Jun"
}

@Article{pmid4316300,
   Author="Baltimore, D. ",
   Title="{{R}{N}{A}-dependent {D}{N}{A} polymerase in virions of {R}{N}{A} tumour viruses}",
   Journal="Nature",
   Year="1970",
   Volume="226",
   Number="5252",
   Pages="1209--1211",
   Month="Jun"
}

@misc{Nederbragt2012,
   author = "Lex Nederbragt",
   title = "{developments in NGS}",
   year = "2012",
   month = "12",
   howpublished = {\url{http://dx.doi.org/10.6084/m9.figshare.100940}}
}

@misc{tang2014fantom3codingprob,
   author = "Dave Tang",
   title = "{Coding probability of mouse full-length cDNAs from FANTOM3}",
   year = "2014",
   month = "06",
   howpublished = {\url{http://dx.doi.org/10.6084/m9.figshare.1046601}}
}

@misc{tang2014repcoverage,
   author = "Dave Tang",
   title = "{Percentage coverage of repetitive elements in vertebrate genomes}",
   year = "2014",
   month = "05",
   howpublished = {\url{http://dx.doi.org/10.6084/m9.figshare.1033768}}
}

@misc{tang2014gensize,
   author = "Dave Tang",
   title = "{Vertebrate genome sizes sorted by repetitive elements percentage}",
   year = "2014",
   month = "05",
   howpublished = {\url{http://dx.doi.org/10.6084/m9.figshare.1033808}}
}

@misc{pachter2014seq,
   author = "Lior Pachter",
   howpublished = {\url{http://liorpachter.wordpress.com/seq/}},
   note = {Accessed: 2014-06-02}
}

@misc{stein1996perl,
   author = "Lincoln Stein",
   title = "{How Perl Saved the Human Genome Project}",
   howpublished = {\url{http://www.bioperl.org/wiki/How_Perl_saved_human_genome}},
   note = {Accessed: 2014-06-06}
}

@article{celegans1998sequencing,
   author = {The C. elegans Sequencing Consortium}, 
   title = {Genome Sequence of the Nematode C. elegans: A Platform for Investigating Biology},
   volume = {282}, 
   number = {5396}, 
   pages = {2012-2018}, 
   year = {1998}, 
   doi = {10.1126/science.282.5396.2012}, 
   abstract ={The 97-megabase genomic sequence of the nematode Caenorhabditis elegans reveals over 19,000 genes. More than 40 percent of the predicted protein products find significant matches in other organisms. There is a variety of repeated sequences, both local and dispersed. The distinctive distribution of some repeats and highly conserved genes provides evidence for a regional organization of the chromosomes.}, 
   URL = {http://www.sciencemag.org/content/282/5396/2012.abstract}, 
   eprint = {http://www.sciencemag.org/content/282/5396/2012.full.pdf}, 
   journal = {Science} 
}

@inproceedings{crick1958protein,
  title={On protein synthesis.},
  author={Crick, Francis H},
  booktitle={Symposia of the Society for Experimental Biology},
  volume={12},
  pages={138},
  year={1958}
}

@article{doolittle1980selfish,
  title={Selfish genes, the phenotype paradigm and genome evolution},
  author={Doolittle, W Ford and Sapienza, Carmen},
  journal={Nature},
  volume={284},
  number={5757},
  pages={601--3},
  year={1980}
}

@article{orgel1980selfish,
  title={Selfish DNA: the ultimate parasite.},
  author={Orgel, Leslie E and Crick, Francis H},
  journal={Nature},
  volume={284},
  number={5757},
  pages={604--607},
  year={1980}
}

@misc{applicationsofsequencing,
  howpublished = {\url{http://www.nature.com/nrg/series/nextgeneration/index.html}},
  note = {Accessed: 2014-05-21}
}

@misc{nhgri2010cost,
  howpublished = {\url{http://www.genome.gov/11006943/}},
  note = {Accessed: 2014-05-21}
}


@article{venter2001sequence,
  title={The sequence of the human genome},
  author={Venter, J Craig and Adams, Mark D and Myers, Eugene W and Li, Peter W and Mural, Richard J and Sutton, Granger G and Smith, Hamilton O and Yandell, Mark and Evans, Cheryl A and Holt, Robert A and others},
  journal={science},
  volume={291},
  number={5507},
  pages={1304--1351},
  year={2001},
  publisher={American Association for the Advancement of Science}
}

@article{lander2001initial,
  title={Initial sequencing and analysis of the human genome},
  author={Lander, Eric S and Linton, Lauren M and Birren, Bruce and Nusbaum, Chad and Zody, Michael C and Baldwin, Jennifer and Devon, Keri and Dewar, Ken and Doyle, Michael and FitzHugh, William and others},
  journal={Nature},
  volume={409},
  number={6822},
  pages={860--921},
  year={2001},
  publisher={Nature Publishing Group}
}

@article{Tang01022013,
author = {Tang, Dave T. P. and Plessy, Charles and Salimullah, Md and Suzuki, Ana Maria and Calligaris, Raffaella and Gustincich, Stefano and Carninci, Piero}, 
title = {Suppression of artifacts and barcode bias in high-throughput transcriptome analyses utilizing template switching},
volume = {41}, 
number = {3}, 
pages = {e44}, 
year = {2013}, 
doi = {10.1093/nar/gks1128}, 
abstract ={Template switching (TS) has been an inherent mechanism of reverse transcriptase, which has been exploited in several transcriptome analysis methods, such as CAGE, RNA-Seq and short RNA sequencing. TS is an attractive option, given the simplicity of the protocol, which does not require an adaptor mediated step and thus minimizes sample loss. As such, it has been used in several studies that deal with limited amounts of RNA, such as in single cell studies. Additionally, TS has also been used to introduce DNA barcodes or indexes into different samples, cells or molecules. This labeling allows one to pool several samples into one sequencing flow cell, increasing the data throughput of sequencing and takes advantage of the increasing throughput of current sequences. Here, we report TS artifacts that form owing to a process called strand invasion. Due to the way in which barcodes/indexes are introduced by TS, strand invasion becomes more problematic by introducing unsystematic biases. We describe a strategy that eliminates these artifacts in silico and propose an experimental solution that suppresses biases from TS.}, 
URL = {http://nar.oxfordjournals.org/content/41/3/e44.abstract}, 
eprint = {http://nar.oxfordjournals.org/content/41/3/e44.full.pdf+html}, 
journal = {Nucleic Acids Research} 
}

@article{francia2012site,
  title={Site-specific DICER and DROSHA RNA products control the DNA-damage response},
  author={Francia, Sofia and Michelini, Flavia and Saxena, Alka and Tang, Dave and de Hoon, Michiel and Anelli, Viviana and Mione, Marina and Carninci, Piero and di Fagagna, Fabrizio dâ€™Adda},
  journal={Nature},
  volume={488},
  number={7410},
  pages={231--235},
  year={2012},
  publisher={Nature Publishing Group}
}

@article{saxena2012pirnas,
  title={piRNAs warrant investigation in Rett Syndrome: An omics perspective},
  author={Saxena, Alka and Tang, Dave and Carninci, Piero},
  journal={Disease markers},
  volume={33},
  number={5},
  pages={261--275},
  year={2012},
  publisher={Hindawi Publishing Corporation}
}

@article{dahm2008discovering,
  title={Discovering DNA: Friedrich Miescher and the early years of nucleic acid research},
  author={Dahm, Ralf},
  journal={Human genetics},
  volume={122},
  number={6},
  pages={565--581},
  year={2008},
  publisher={Springer}
}

@article{griffith1928significance,
  title={The significance of pneumococcal types},
  author={Griffith, Fred},
  journal={Journal of Hygiene},
  volume={27},
  number={02},
  pages={113--159},
  year={1928},
  publisher={Cambridge Univ Press}
}

@article{avery1944studies,
  title={Studies on the chemical nature of the substance inducing transformation of pneumococcal types induction of transformation by a desoxyribonucleic acid fraction isolated from pneumococcus type III},
  author={Avery, Oswald T and MacLeod, Colin M and McCarty, Maclyn},
  journal={The Journal of experimental medicine},
  volume={79},
  number={2},
  pages={137--158},
  year={1944},
  publisher={Rockefeller Univ Press}
}

@article{hershey1952independent,
  title={Independent functions of viral protein and nucleic acid in growth of bacteriophage},
  author={Hershey, Alfred D and Chase, Martha},
  journal={The Journal of general physiology},
  volume={36},
  number={1},
  pages={39--56},
  year={1952},
  publisher={Rockefeller Univ Press}
}
